%# -*- coding: utf-8-unix -*-
@article{peizhuang1983pattern,
  title={Pattern recognition with fuzzy objective function algorithms (James C. Bezdek)},
  author={Peizhuang, Wang},
  journal={SIAM Review},
  volume={25},
  number={3},
  pages={442},
  year={1983},
  publisher={Society for Industrial and Applied Mathematics}
}
@inproceedings{yurchenko2017parsing,
  title={Parsing Images of Overlapping Organisms with Deep Singling-Out Networks.},
  author={Yurchenko, Victor and Lempitsky, Victor S},
  booktitle={CVPR},
  pages={4752--4760},
  year={2017}
}
@article{hu2018real,
  title={Real-time monitoring of immune responses under pathogen invasion and drug interference by integrated microfluidic device coupled with worm-based biosensor},
  author={Hu, Liang and Ge, Anle and Wang, Xixian and Wang, Shanshan and Yue, Xinpei and Wang, Jie and Feng, Xiaojun and Du, Wei and Liu, Bi-Feng},
  journal={Biosensors and Bioelectronics},
  volume={110},
  pages={233--238},
  year={2018},
  publisher={Elsevier}
}
@article{berger2018long,
  title={Long-term C. elegans immobilization enables high resolution developmental studies in vivo},
  author={Berger, Simon and Lattmann, Evelyn and Aegerter-Wilmsen, Tinri and Hengartner, Michael and Hajnal, Alex and i Solvas, Xavier Casadevall and others},
  journal={Lab on a Chip},
  volume={18},
  number={9},
  pages={1359--1368},
  year={2018},
  publisher={The Royal Society of Chemistry}
}
@article{sofela2018high,
  title={High-throughput sorting of eggs for synchronization of C. elegans in a microfluidic spiral chip},
  author={Sofela, Samuel and Sahloul, Sarah and Rafeie, Mehdi and Kwon, Taehong and Han, Jongyoon and Warkiani, Majid Ebrahimi and Song, Yong-Ak},
  journal={Lab on a Chip},
  volume={18},
  number={4},
  pages={679--687},
  year={2018},
  publisher={Royal Society of Chemistry}
}
@article{yan2014continuous,
  title={A continuous-flow C. elegans sorting system with integrated optical fiber detection and laminar flow switching},
  author={Yan, Yuanjun and Ng, Li Fang and Ng, Li Theng and Choi, Kwan Bum and Gruber, Jan and Bettiol, Andrew A and Thakor, Nitish V},
  journal={Lab on a Chip},
  volume={14},
  number={20},
  pages={4000--4006},
  year={2014},
  publisher={Royal Society of Chemistry}
}
@article{wang2015highly,
  title={Highly efficient microfluidic sorting device for synchronizing developmental stages of C. elegans based on deflecting electrotaxis},
  author={Wang, Xixian and Hu, Rui and Ge, Anle and Hu, Liang and Wang, Shanshan and Feng, Xiaojun and Du, Wei and Liu, Bi-Feng},
  journal={Lab on a Chip},
  volume={15},
  number={11},
  pages={2513--2521},
  year={2015},
  publisher={Royal Society of Chemistry}
}
@article{saberi2018microfluidic,
  title={A microfluidic platform for lifelong high-resolution and high throughput imaging of subtle aging phenotypes in C. elegans},
  author={Saberi-Bosari, Sahand and Huayta, Javier and San-Miguel, Adriana},
  journal={Lab on a Chip},
  volume={18},
  number={20},
  pages={3090--3100},
  year={2018},
  publisher={Royal Society of Chemistry}
}
@article{Wang2017Mitochondria,
  title={Mitochondria and MAPK cascades modulate endosulfan-induced germline apoptosis in Caenorhabditis elegans},
  author={Wang, Jingjing and Du, Hua and Nie, Yaguang and Wang, Yun and Dai, Hui and Wang, Mudi and Wang, Dayan and Xu, An},
  journal={Toxicology Research},
  volume={6},
  number={4},
  year={2017},
}
@article{Lucio2017Optimization,
  title={Optimization and evaluation of zein nanoparticles to improve the oral delivery of glibenclamide. In vivo study using C. elegans.},
  author={Lucio, D. and Martínezohárriz, M. C. and Jaras, G. and Aranaz, P. and Gonzáleznavarro, C. J. and Radulescu, A. and Irache, J. M.},
  journal={European Journal of Pharmaceutics & Biopharmaceutics},
  volume={121},
  pages={104-112},
  year={2017},
}
@article{Ana2010Genome,
  title={Genome-wide gene expression analysis in response to organophosphorus pesticide chlorpyrifos and diazinon in C. elegans},
  author={Ana, Vi?Uela and L Basten, Snoek and Riksen, Joost A G, and Kammenga, Jan E,},
  journal={Plos One},
  volume={5},
  number={8},
  pages={e12145},
  year={2010},
}
@article{Wu2017Coal,
  title={Coal combustion related fine particulate matter (PM2.5) induces toxicity in Caenorhabditis elegans by dysregulating microRNA expression},
  author={Wu, Qiuli and Han, Xiaoxiao and Wang, Di and Zhao, Fang and Wang, Dayong},
  journal={Toxicology Research},
  volume={6},
  year={2017},
}
@article{Soares2017Neurodegeneration,
  title={Neurodegeneration Induced by Metals in Caenorhabditis elegans},
  author={Soares, Felix Antunes and Fagundez, Daiandra Almeida and Avila, Daiana Silva},
  journal={Adv Neurobiol},
  volume={18},
  pages={355-383},
  year={2017},
}
@article{tsai2001curve,
  title={Curve evolution implementation of the Mumford-Shah functional for image segmentation, denoising, interpolation, and magnification},
  author={Tsai, Andy and Yezzi, Anthony and Willsky, Alan S},
  year={2001},
  publisher={Georgia Institute of Technology}
}
@article{kass1988snakes,
  title={Snakes: Active contour models},
  author={Kass, Michael and Witkin, Andrew and Terzopoulos, Demetri},
  journal={International journal of computer vision},
  volume={1},
  number={4},
  pages={321--331},
  year={1988},
  publisher={Springer}
}
@book{evers1999fuzzy,
  title={Fuzzy cluster analysis: methods for classification, data analysis and image recognition},
  author={Evers, Frederick Thomas and H{\"o}ppner, Frank and Klawonn, Frank and Kruse, Rudolf and Runkler, Thomas},
  year={1999},
  publisher={John Wiley \& Sons}
}
@article{forgy1965cluster,
  title={Cluster analysis of multivariate data: efficiency versus interpretability of classifications},
  author={Forgy, Edward W},
  journal={biometrics},
  volume={21},
  pages={768--769},
  year={1965}
}
@article{otsu1979threshold,
  title={A threshold selection method from gray-level histograms},
  author={Otsu, Nobuyuki},
  journal={IEEE transactions on systems, man, and cybernetics},
  volume={9},
  number={1},
  pages={62--66},
  year={1979},
  publisher={IEEE}
}
@article{cheng2018simple,
  title={A simple microdevice for single cell capture, array, release, and fast staining using oscillatory method},
  author={Cheng, Dantong and Yu, Yang and Han, Chao and Cao, Mengjia and Yang, Guang and Liu, Jingquan and Chen, Xiang and Peng, Zhihai},
  journal={Biomicrofluidics},
  volume={12},
  number={3},
  pages={034105},
  year={2018},
  publisher={AIP Publishing}
}
@article{Liu2006Set,
  title={Set-based Cascading Approaches for Magnetic Resonance (MR) Image Segmentation (SCAMIS).},
  author={Liu, J. and Leong, T. Y. and Chee, K. B. and Tan, B. P. and Shuter, B and Wang, S. C.},
  journal={Amia Annu Symp Proc},
  volume={2006},
  pages={504-508},
  year={2006},
}
@article{zivkovic2006efficient,
  title={Efficient adaptive density estimation per image pixel for the task of background subtraction},
  author={Zivkovic, Zoran and Van Der Heijden, Ferdinand},
  journal={Pattern recognition letters},
  volume={27},
  number={7},
  pages={773--780},
  year={2006},
  publisher={Elsevier}
}
@inproceedings{he2016deep,
  title={Deep residual learning for image recognition},
  author={He, Kaiming and Zhang, Xiangyu and Ren, Shaoqing and Sun, Jian},
  booktitle={Proceedings of the IEEE conference on computer vision and pattern recognition},
  pages={770--778},
  year={2016}
}
@article{badrinarayanan2015segnet,
  title={Segnet: A deep convolutional encoder-decoder architecture for robust semantic pixel-wise labelling},
  author={Badrinarayanan, Vijay and Handa, Ankur and Cipolla, Roberto},
  journal={arXiv preprint arXiv:1505.07293},
  year={2015}
}
@inproceedings{Lafferty2001Conditional,
  title={Conditional Random Fields: Probabilistic Models for Segmenting and Labeling Sequence Data},
  author={Lafferty, John D. and Mccallum, Andrew and Pereira, Fernando C. N.},
  booktitle={Eighteenth International Conference on Machine Learning},
  pages={282-289},
  year={2001},
}
@inproceedings{zheng2015conditional,
  title={Conditional random fields as recurrent neural networks},
  author={Zheng, Shuai and Jayasumana, Sadeep and Romera-Paredes, Bernardino and Vineet, Vibhav and Su, Zhizhong and Du, Dalong and Huang, Chang and Torr, Philip HS},
  booktitle={Proceedings of the IEEE international conference on computer vision},
  pages={1529--1537},
  year={2015}
}
@article{chen2018deeplab,
  title={Deeplab: Semantic image segmentation with deep convolutional nets, atrous convolution, and fully connected crfs},
  author={Chen, Liang-Chieh and Papandreou, George and Kokkinos, Iasonas and Murphy, Kevin and Yuille, Alan L},
  journal={IEEE transactions on pattern analysis and machine intelligence},
  volume={40},
  number={4},
  pages={834--848},
  year={2018},
  publisher={IEEE}
}
@article{wang2017adaptive,
  title={Adaptive Hybrid Conditional Random Field Model for SAR Image Segmentation.},
  author={Wang, Fan and Wu, Yan and Li, Ming and Zhang, Peng and Zhang, Qingjun},
  journal={IEEE Trans. Geoscience and Remote Sensing},
  volume={55},
  number={1},
  pages={537--550},
  year={2017}
}
@book{李航2012统计学习方法,
  title={统计学习方法},
  author={李航},
  publisher={清华大学出版社},
  year={2012},
}
@inproceedings{rother2004grabcut,
  title={Grabcut: Interactive foreground extraction using iterated graph cuts},
  author={Rother, Carsten and Kolmogorov, Vladimir and Blake, Andrew},
  booktitle={ACM transactions on graphics (TOG)},
  volume={23},
  number={3},
  pages={309--314},
  year={2004},
  organization={ACM}
}
@inproceedings{kinga2015method,
  title={A method for stochastic optimization},
  author={Kinga, D and Adam, J Ba},
  booktitle={International Conference on Learning Representations (ICLR)},
  volume={5},
  year={2015}
}
@article{zeiler2012adadelta,
  title={ADADELTA: an adaptive learning rate method},
  author={Zeiler, Matthew D},
  journal={arXiv preprint arXiv:1212.5701},
  year={2012}
}
@inproceedings{abadi2016tensorflow,
  title={Tensorflow: a system for large-scale machine learning.},
  author={Abadi, Mart{\'\i}n and Barham, Paul and Chen, Jianmin and Chen, Zhifeng and Davis, Andy and Dean, Jeffrey and Devin, Matthieu and Ghemawat, Sanjay and Irving, Geoffrey and Isard, Michael and others},
  booktitle={OSDI},
  volume={16},
  pages={265--283},
  year={2016}
}
@article{xu2015empirical,
  title={Empirical evaluation of rectified activations in convolutional network},
  author={Xu, Bing and Wang, Naiyan and Chen, Tianqi and Li, Mu},
  journal={arXiv preprint arXiv:1505.00853},
  year={2015}
}
@article{chu2017multi,
  title={Multi-context attention for human pose estimation},
  author={Chu, Xiao and Yang, Wei and Ouyang, Wanli and Ma, Cheng and Yuille, Alan L and Wang, Xiaogang},
  journal={arXiv preprint arXiv:1702.07432},
  volume={1},
  number={2},
  year={2017},
  publisher={Pre-print}
}
@inproceedings{van2016conditional,
  title={Conditional image generation with pixelcnn decoders},
  author={van den Oord, Aaron and Kalchbrenner, Nal and Espeholt, Lasse and Vinyals, Oriol and Graves, Alex and others},
  booktitle={Advances in Neural Information Processing Systems},
  pages={4790--4798},
  year={2016}
}
@inproceedings{ronneberger2015u,
  title={U-net: Convolutional networks for biomedical image segmentation},
  author={Ronneberger, Olaf and Fischer, Philipp and Brox, Thomas},
  booktitle={International Conference on Medical image computing and computer-assisted intervention},
  pages={234--241},
  year={2015},
  organization={Springer}
}
@article{Ljosa2012Annotated,
  title={Annotated high-throughput microscopy image sets for validation.},
  author={Ljosa V and Sokolnicki KL and Carpenter AE},
  journal={Nature Methods},
  volume={9},
  number={7},
  pages={637},
  year={2012},
}
@article{ioffe2015batch,
  title={Batch normalization: Accelerating deep network training by reducing internal covariate shift},
  author={Ioffe, Sergey and Szegedy, Christian},
  journal={arXiv preprint arXiv:1502.03167},
  year={2015}
}
@article{srivastava2014dropout,
  title={Dropout: a simple way to prevent neural networks from overfitting},
  author={Srivastava, Nitish and Hinton, Geoffrey and Krizhevsky, Alex and Sutskever, Ilya and Salakhutdinov, Ruslan},
  journal={The Journal of Machine Learning Research},
  volume={15},
  number={1},
  pages={1929--1958},
  year={2014},
  publisher={JMLR. org}
}
@article{Kaiming2015Deep,
  title={Deep Residual Learning for Image Recognition},
  author={Kaiming He and Xiangyu Zhang and Shaoqing Ren and Jian Sun},
  pages={770-778},
  year={2015},
}
@inproceedings{szegedy2015going,
  title={Going deeper with convolutions},
  author={Szegedy, Christian and Liu, Wei and Jia, Yangqing and Sermanet, Pierre and Reed, Scott and Anguelov, Dragomir and Erhan, Dumitru and Vanhoucke, Vincent and Rabinovich, Andrew},
  booktitle={Proceedings of the IEEE conference on computer vision and pattern recognition},
  pages={1--9},
  year={2015}
}
@article{simonyan2014very,
  title={Very deep convolutional networks for large-scale image recognition},
  author={Simonyan, Karen and Zisserman, Andrew},
  journal={arXiv preprint arXiv:1409.1556},
  year={2014}
}
@inproceedings{krizhevsky2012imagenet,
  title={Imagenet classification with deep convolutional neural networks},
  author={Krizhevsky, Alex and Sutskever, Ilya and Hinton, Geoffrey E},
  booktitle={Advances in neural information processing systems},
  pages={1097--1105},
  year={2012}
}
@article{le1989handwritten,
  title={Handwritten digit recognition: Applications of neural network chips and automatic learning},
  author={Le Cun, Yann and Jackel, LD and Boser, B and Denker, JS and Graf, HP and Guyon, Isabelle and Henderson, Don and Howard, RE and Hubbard, W},
  journal={IEEE Communications Magazine},
  volume={27},
  number={11},
  pages={41--46},
  year={1989},
  publisher={IEEE}
}
@article{Wang2008Assessment,
  title={Assessment of locomotion behavioral defects induced by acute toxicity from heavy metal exposure in nematode Caenorhabditis elegans},
  author={Wang, Dayong and Xing, Xiaojuan},
  journal={环境科学学报(英文版)},
  volume={20},
  number={9},
  pages={1132-1137},
  year={2008},
}
@article{Javer2018An,
  title={An open-source platform for analyzing and sharing worm-behavior data},
  author={Javer, A and Currie, M and Lee, C. W. and Hokanson, J and Li, K. and Martineau, C. N. and Yemini, E and Grundy, L. J. and Li, C. and Ch'Ng, Q},
  journal={Nature methods},
  volume={15},
  number={9},
  pages={645},
  year={2018},
}
@article{Restif2014CeleST,
  title={CeleST: computer vision software for quantitative analysis of C. elegans swim behavior reveals novel features of locomotion.},
  author={Restif, C and Ibáñezventoso, C and Vora, M. M. and Guo, S. and Metaxas, D and Driscoll, M},
  journal={PLoS Computational Biology,10,7(2014-7-17)},
  volume={10},
  number={7},
  pages={e1003702},
  year={2014},
}
@article{Stephens2008Dimensionality,
  title={Dimensionality and dynamics in the behavior of C. elegans},
  author={Stephens, G. J. and Johnson-Kerner, B and Bialek, W and Ryu, W. S.},
  journal={Plos Computational Biology},
  volume={4},
  number={4},
  pages={e1000028},
  year={2008},
}
@article{yemini2013database,
  title={A database of Caenorhabditis elegans behavioral phenotypes},
  author={Yemini, Eviatar and Jucikas, Tadas and Grundy, Laura J and Brown, Andr{\'e} EX and Schafer, William R},
  journal={Nature methods},
  volume={10},
  number={9},
  pages={877},
  year={2013},
  publisher={Nature Publishing Group}
}
@article{nagy2015generative,
  title={A generative statistical algorithm for automatic detection of complex postures},
  author={Nagy, Stanislav and Goessling, Marc and Amit, Yali and Biron, David},
  journal={PLoS computational biology},
  volume={11},
  number={10},
  pages={e1004517},
  year={2015},
  publisher={Public Library of Science}
}
@inproceedings{roussel2014robust,
  title={Robust tracking and quantification of C. elegans body shape and locomotion through coiling, entanglement, and omega bends},
  author={Roussel, Nicolas and Sprenger, Jeff and Tappan, Susan J and Glaser, Jack R},
  booktitle={Worm},
  volume={3},
  number={4},
  pages={e982437},
  year={2014},
  organization={Taylor \& Francis}
}
@inproceedings{fontaine2007model,
  title={Model-based tracking of multiple worms and fish},
  author={Fontaine, Ebraheem and Barr, Alan H and Burdick, Joel W},
  booktitle={ICCV Workshop on Dynamical Vision},
  year={2007}
}
@inproceedings{restif2008tracking,
  title={Tracking the swimming motions of C. elegans worms with applications in aging studies},
  author={Restif, Christophe and Metaxas, Dimitris},
  booktitle={International Conference on Medical Image Computing and Computer-Assisted Intervention},
  pages={35--42},
  year={2008},
  organization={Springer}
}
@article{swierczek2011high,
  title={High-throughput behavioral analysis in C. elegans},
  author={Swierczek, Nicholas A and Giles, Andrew C and Rankin, Catharine H and Kerr, Rex A},
  journal={Nature methods},
  volume={8},
  number={7},
  pages={592},
  year={2011},
  publisher={Nature Publishing Group}
}
@phdthesis{yemini2013high,
  title={High-throughput, single-worm tracking and analysis in Caenorhabditis elegans},
  author={Yemini, Eviatar},
  year={2013},
  school={University of Cambridge}
}
@article{Baek2002Using,
  title={Using machine vision to analyze and classify Caenorhabditis elegans  behavioral phenotypes quantitatively},
  author={Baek, Joong Hwan and Cosman, Pamela and Feng, Zhaoyang and Silver, Jay and Schafer, William R},
  journal={Journal of Neuroscience Methods},
  volume={118},
  number={1},
  pages={9-21},
  year={2002},
}
@article{De1998Natural,
  title={Natural variation in a neuropeptide Y receptor homolog modifies social behavior and food response in C. elegans.},
  author={De, Bono M and Bargmann, C. I.},
  journal={Cell},
  volume={94},
  number={5},
  pages={679-689},
  year={1998},
}
@article{Dhawan1999Comparison,
  title={Comparison of lethality, reproduction, and behavior as toxicological endpoints in the nematode Caenorhabditis elegans},
  author={Dhawan, R and Dusenbery, D. B. and Williams, P. L.},
  journal={Journal of Toxicology & Environmental Health Part A},
  volume={58},
  number={7},
  pages={451-462},
  year={1999},
}
@article{zhuliguo2016,
  title={基于微流控芯片的高糖对模式生物线虫寿命影响及白藜芦醇苷保护性作用考察},
  author={朱国丽 and 尹方超 and 王丽 and 张敏 and 姜雷 and 秦建华},
  journal={色谱},
  volume={34},
  number={2},
  pages={140-145},
  year={2016},
}
@article{Dertinger2001Generation,
  title={Generation of Gradients Having Complex Shapes Using Microfluidic Networks},
  author={Dertinger, Stephan K. W. and Chiu, Daniel T. and Jeon, Noo Li and Whitesides, George M. and Chem, Anal.},
  journal={Analytical Chemistry},
  volume={73},
  number={6},
  pages={1240-1246},
  year={2001},
}
@article{Jeon2000Generation,
  title={Generation of Solution and Surface Gradients Using Microfluidic Systems},
  author={Jeon, Noo Li and Dertinger, Stephan K. W. and Chiu, Daniel T. and Choi, Insung S. and And, Abraham D. Stroock, and Whitesides, George M.},
  journal={Langmuir},
  volume={16},
  number={22},
  pages={8311-8316},
  year={2000},
}
@article{Yang2013An,
  title={An integrated microfluidic platform for evaluating in vivo antimicrobial activity of natural compounds using a whole-animal infection model},
  author={Yang, J. and Chen, Z. and Ching, P and Shi, Q. and Li, X.},
  journal={Lab on A Chip},
  volume={13},
  number={17},
  pages={3373},
  year={2013},
}
@article{Chung2011Microfluidic,
  title={Microfluidic chamber arrays for whole-organism behavior-based chemical screening},
  author={Chung, K and Zhan, M. and Srinivasan, J and Sternberg, P. W. and Gong, E. and Schroeder, F. C. and Lu, H.},
  journal={Lab on A Chip},
  volume={11},
  number={21},
  pages={3689},
  year={2011},
}
@article{Baumeister2002The,
  title={The worm in us - Caenorhabditis elegans as a model of human disease.},
  author={Baumeister, R and Ge, L.},
  journal={Trends in Biotechnology},
  volume={20},
  number={4},
  pages={147-148},
  year={2002},
}
@article{Sonnhammer1997Analysis,
  title={Analysis of protein domain families in Caenorhabditis elegans.},
  author={Sonnhammer, E. L. and Durbin, R.},
  journal={Genomics},
  volume={46},
  number={2},
  pages={200-216},
  year={1997},
}
@article{dong2016versatile,
  title={Versatile size-dependent sorting of C. elegans nematodes and embryos using a tunable microfluidic filter structure},
  author={Dong, Li and Cornaglia, Matteo and Lehnert, Thomas and Gijs, Martin AM},
  journal={Lab on a Chip},
  volume={16},
  number={3},
  pages={574--585},
  year={2016},
  publisher={Royal Society of Chemistry}
}
@article{Casadevall2011High,
  title={High-throughput age synchronisation of Caenorhabditis elegans},
  author={Casadevall, i Solvas X and Geier, F. M. and Leroi, A. M. and Bundy, J. G. and Edel, J. B. and Demello, A. J.},
  journal={Chemical Communications},
  volume={47},
  number={35},
  pages={9801},
  year={2011},
}
@article{Rezai2012Electrical,
  title={Electrical sorting of Caenorhabditis elegans},
  author={Rezai, P and Salam, S and Selvaganapathy, P. R. and Gupta, B. P.},
  journal={Lab on A Chip},
  volume={12},
  number={10},
  pages={1831},
  year={2012},
}
@article{Lee2014A,
  title={A multi-channel device for high-density target-selective stimulation and long-term monitoring of cells and subcellular features in C. elegans},
  author={Lee, Hyewon and Kim, Shin Ae and Coakley, Sean and Mugno, Paula and Hammarlund, Marc and Hilliard, Massimo A. and Lu, Hang},
  journal={Lab on A Chip},
  volume={14},
  number={23},
  pages={4513-4522},
  year={2014},
}
@article{Hulme2007A,
  title={A microfabricated array of clamps for immobilizing and imaging C. elegans},
  author={Hulme, S. E. and Shevkoplyas, S. S. and Apfeld, J and Fontana, W and Whitesides, G. M.},
  journal={Lab on A Chip},
  volume={7},
  number={11},
  pages={1515-1523},
  year={2007},
}
@article{Cornaglia2015An,
  title={An automated microfluidic platform for C. elegans embryo arraying, phenotyping, and long-term live imaging},
  author={Cornaglia, M and Mouchiroud, L and Marette, A and Narasimhan, S and Lehnert, T and Jovaisaite, V and Auwerx, J and Gijs, M. A.},
  journal={Sci Rep},
  volume={5},
  pages={10192},
  year={2015},
}
@article{Aubry2015Hydrogel,
  title={Hydrogel-droplet microfluidic platform for high-resolution imaging and sorting of early larval Caenorhabditis elegans},
  author={Aubry, Guillaume and Mei, Zhan and Lu, Hang},
  journal={Lab on A Chip},
  volume={15},
  number={6},
  pages={1424-1431},
  year={2015},
}
@article{Chokshi2009CO2,
  title={CO2 and compressive immobilization of C. elegans on-chip.},
  author={Chokshi, T. V. and Benyakar, A and Chronis, N},
  journal={Lab on A Chip},
  volume={9},
  number={1},
  pages={151-157},
  year={2009},
}
@article{Gokce2014A,
  title={A fully automated microfluidic femtosecond laser axotomy platform for nerve regeneration studies in C. elegans.},
  author={Gokce, S. K. and Guo, S. X. and Ghorashian, N and Everett, W. N. and Jarrell, T and Kottek, A and Bovik, A. C. and Benyakar, A},
  journal={Plos One},
  volume={9},
  number={12},
  pages={e113917},
  year={2014},
}
@article{Cornaglia2016Automated,
  title={Automated longitudinal monitoring of in vivo protein aggregation in neurodegenerative disease C. elegans models.},
  author={Cornaglia, M and Krishnamani, G and Mouchiroud, L and Sorrentino, V and Lehnert, T and Auwerx, J and Gijs, M. A.},
  journal={Molecular Neurodegeneration},
  volume={11},
  number={1},
  pages={1-13},
  year={2016},
}
@article{Wen2015A,
  title={A droplet microchip with substance exchange capability for the developmental study of C. elegans},
  author={Wen, H. and Yu, Y. and Zhu, G. and Jiang, L. and Qin, J.},
  journal={Lab on A Chip},
  volume={15},
  number={8},
  pages={1905},
  year={2015},
}
@article{Krajniak2010Long,
  title={Long-term high-resolution imaging and culture of C. elegans in chip-gel hybrid microfluidic device for developmental studies},
  author={Krajniak, J and Lu, H.},
  journal={Lab on A Chip},
  volume={10},
  number={14},
  pages={1862-1868},
  year={2010},
}
@article{Aubry2015Hydrogel,
  title={Hydrogel-droplet microfluidic platform for high-resolution imaging and sorting of early larval Caenorhabditis elegans},
  author={Aubry, Guillaume and Mei, Zhan and Lu, Hang},
  journal={Lab on A Chip},
  volume={15},
  number={6},
  pages={1424-1431},
  year={2015},
}
@article{Hulme2010Lifespan,
  title={Lifespan-on-a-chip: microfluidic chambers for performing lifelong observation of C. elegans},
  author={Hulme, S. Elizabeth and Shevkoplyas, Sergey S. and Mcguigan, Alison P. and Apfeld, Javier and Fontana, Walter and Whitesides, George M.},
  journal={Lab on A Chip},
  volume={10},
  number={5},
  pages={589-597},
  year={2010},
}

@article{Kim2007Automated,
  title={Automated microfluidic compact disc (CD) cultivation system of Caenorhabditis elegans},
  author={Kim, Nahui and Dempsey, Catherine M. and Zoval, Jim V. and Sze, Ji Ying and Madou, Marc J.},
  journal={Sensors & Actuators B Chemical},
  volume={122},
  number={2},
  pages={511-518},
  year={2007},
}

@book{Meta_CN,
  title = {电磁超介质及其应用},
  address = {北京},
  publisher = {国防工业出版社},
  year = {2008},
  author = {崔万照 and 马伟 and 邱乐德 and 张洪太}
}

@book{JohnD,
  title = {Photonic Crystals: Molding the Flow of Light},
  publisher = {Princeton University Press},
  year = {2008},
  author = {Joannopoulos, J. D. and Johnson, S. G. and Winn, J. N.}
}

@book{IEEE-1363,
  author={IEEE Std 1363-2000},
  title={IEEE Standard Specifications for Public-Key Cryptography},
  address={New York},
  publisher={IEEE},
  year={2000}
}

@article{chen2007act,
  author = {Chen, H. and Chan, C. T.},
  title = {Acoustic cloaking in three dimensions using acoustic metamaterials},
  journal = {Applied Physics Letters},
  year = {2007},
  volume = {91},
  pages = {183518},
  publisher = {AIP}
}

@article{chen2007ewi,
  author = {Chen, H. and Wu, B. I. and Zhang, B. and Kong, J. A.},
  title = {Electromagnetic Wave Interactions with a Metamaterial Cloak},
  journal = {Physical Review Letters},
  year = {2007},
  volume = {99},
  pages = {63903},
  number = {6},
  publisher = {APS}
}

@article{he1999,
  title = {标准动态力发生装置国内外研究现状},
  number = {2},
  journal = {机电工程},
  author = {何闻},
  year = {1999},
  pages = {47-49},
}

@inproceedings{kocher99,
  author={C. Kocher and J. Jaffe and B. Jun},
  title={Differential Power Analysis},
  editor={M. Wiener},
  booktitle={Advances in Cryptology ({CRYPTO}~'99)},
  series={Lecture Notes in Computer Science},
  volume={1666},
  pages={388-397},
  publisher={Springer-Verlag},
  month={9},
  year={1999}
}

@incollection{Krasnogor2004e,
  AUTHOR = {N. Krasnogor},
  TITLE = {Towards robust memetic algorithms},
  BOOKTITLE = {Recent Advances in Memetic Algorithms},
  PUBLISHER = {Springer Berlin Heidelberg},
  YEAR = {2004},
  PAGES = {185-207},
  EDITOR = {W.E. Hart and N. Krasnogor and J.E. Smith},
  VOLUME = {166},
  SERIES = {Studies in Fuzziness and Soft Computing},
  ADDRESS = {New York},
}

@incollection{zjsw,
  AUTHOR = {班固},
  TITLE = {苏武传},
  BOOKTITLE = {传记散文英华},
  PUBLISHER = {湖北人民出版社},
  YEAR = {1998},
  PAGES = {65-69},
  EDITOR = {郑在瀛 and 汪超宏 and 周文复},
  VOLUME = {2},
  SERIES = {新古文观止丛书},
  ADDRESS = {武汉},
}


@inbook{clzs,
  AUTHOR = {阎真},
  TITLE = {沧浪之水},
  CHAPTER = {大人物还是讲人情的},
  PAGES = {185-207},
  PUBLISHER = {人民文学出版社},
  YEAR = {2001},
}

@book{tex,
 author    = {Donald E. Knuth},
 title     = {The {\TeX} Book},
 publisher = {Addison-Wesley Publishing Company},
 address   = {Reading, MA},
 year      = 1989,
 edition   = {15th},
}

@book{companion,
 author    = {Michel Goosens and Frank Mittelbach and Alexander Samarin},
 title     = {The {\LaTeX} Companion},
 publisher = {Addison-Wesley Publishing Company},
 address   = {Reading, MA},
 PAGES = {112--125},
 year      = 1994,
}

@article{ELIDRISSI94,
  AUTHOR =       {{Chafik El Idrissi}, M. and {Roney}, A. and {Frigon}, C. and
                  {Larzilli{\`e}re}, M.},
  TITLE =        {Measurements of total kinetic-energy released to the {$N=2$}
                  dissociation limit of {H}$_2$ --- evidence of the dissociation
                  of very high vibrational {R}ydberg states of {H}$_2$ by
                  doubly-excited states},
  JOURNAL =      {Chemical Physics Letters},
  PAGES =        {260-266},
  VOLUME =       224,
  NUMBER =       10,
  YEAR =         1994,
}

@ARTICLE{MELLINGER96,
  AUTHOR =       {Mellinger, A. and Vidal, C. R. and Jungen, Ch.},
  TITLE =        {Laser reduced fluorescence study of the carbon-monoxide nd
                  triplet {R}ydberg series-experimental results and multichannel
                  quantum-defect analysis},
  JOURNAL =      {J. Chem. Phys.},
  PAGES =        {8913-8921},
  VOLUME =       104,
  NUMBER =       5,
  YEAR =         1996,
}

@ARTICLE{SHELL02,
  AUTHOR =       {Michael Shell},
  TITLE =        {How to Use the {IEEEtran \LaTeX} Class},
  JOURNAL =      {Journal of {\LaTeX} Class Files},
  YEAR =         2002,
  VOLUME =       12,
  NUMBER =       4,
  PAGES =        {100--120}
}

@TechReport{NPB2,
  title =        {The {NAS} Parallel Benchmarks 2.0},
  author =       {Alex Woo and David Bailey and Maurice Yarrow and Wijngaart
                  Wijngaart and Tim Harris and William Saphir},
  year =         1995,
  month =        12,
  institution =  {The Pennsylvania State University CiteSeer Archives},
  url =          {http://www.nasa.org/}
}

@INPROCEEDINGS{DPMG,
  author =       {Kim, Sangbum and Woo, Namyoon and Yeom, Heon Y. and Park,
                  Taesoon and Park, Hyoungwoo},
  title =        {Design and {I}mplementation of {D}ynamic {P}rocess
                  {M}anagement for {G}rid-enabled {MPICH}},
  booktitle =    {the 10th European PVM/MPI Users' Group Conference},
  year =         2003,
  address =      {Venice, Italy},
  month =        sep,
}

@INPROCEEDINGS{cnproceed,
  author =       {王重阳 and 黄药师 and 欧阳峰 and 洪七公 and 段皇帝},
  title =        {武林高手论文集},
  booktitle =    {第~$N$~次华山论剑},
  year =         2006,
  address =      {西安, 中国},
  publisher = {中国古籍出版社},
  month =        sep,
}

@ARTICLE{cnarticle,
  AUTHOR =       {贾宝玉 and 林黛玉 and 薛宝钗 and 贾探春},
  TITLE =        {论刘姥姥食量大如牛之现实意义},
  JOURNAL =      {红楼梦杂谈},
  PAGES =        {260--266},
  VOLUME =       224,
  YEAR =         1800,
}

@thesis{zhubajie,
  author =       {猪八戒},
  title =        {论流体食物的持久保存},
  school =       {广寒宫大学},
  year =         2005,
  address =      {北京},
}

@thesis{shaheshang,
  title =        {论流沙河的综合治理},
  author =       {沙和尚},
  school =       {清华大学},
  year =         2005,
  address =      {北京},
}

@thesis{metamori2004,
  author =       {Ashwin Raju Jeyakumar},
  title =        {Metamori: A library for Incremental File Checkpointing},
  school =       {Virgina Tech},
  year =         2004,
  month =        7,
  address =      {Blacksburg},
}

@thesis{FistSystem01,
  AUTHOR =       {Erez Zadok},
  TITLE =        {FiST: A System for Stackable File System Code Generation},
  YEAR =         2001,
  MONTH =        {5},
  SCHOOL =       {Computer Science Department, Columbia University},
  ADDRESS =      {USA}
}

@INBOOK{ColdSources,
  AUTHOR =       {P. Gr{\"o}ning and L. Nilsson and P. Ruffieux and R.
                  Clergereaux and O. Gr{\"o}ning},
  TITLE =        {Encyclopedia of Nanoscience and Nanotechnology},
  pages =        {547--579},
  PUBLISHER =    {American Scientific Publishers},
  YEAR =         2004,
  volume =       1,
}

@phdthesis{bai2008,
	title={信用风险传染模型和信用衍生品的定价},
	author={白云芬},
	year={2008},
	school={上海交通大学},
	address={上海},
}


%萧钰.出版业信息化迈人快车道[EB/OL]. (2001-12-19)[2002-04-15]. http://www.creader.com/news/20011219/200112190019. html.
@article{xiaoyu2001,
  author =       {萧钰},
  title =        {出版业信息化迈人快车道},
  year =         {2001},
  TypeofLit =    {EB/OL},
  modifydate =   {2001-12-19},
  citedate =     {2002-04-15},
  url =          {http://www.creader.com/news/20011219/200112190019.html},
}

% 在线析出文献
@article{CHRISTINE1998,
  author =       {Christine, Mlot},
  title =        {Plant physiology: plant biology in the Genome Era},
  journal =      {Science},
  volume =       {281},
  pages =        {331-332},
  year =         {1998},
  TypeofLit =    {J/OL},
  citedate =     {1998-09-23},
  url =           {http://www.sciencemag.org/cgi/collection/anatmorp},
}

@book{RManual,
        Address = {Vienna, Austria},
        Author = {{R Core Team}},
        Note = {{ISBN} 3-900051-07-0},
        Organization = {R Foundation for Statistical Computing},
        title = {R: A Language and Environment for Statistical Computing},
        url = {http://www.R-project.org/},
        Year = {2012},
}

